@article{yin2020fourier,
    author = {Dong Yin and Raphael Gontijo Lopes and Jonathon Shlens and Ekin D.
              Cubuk and Justin Gilmer},
    title = {A Fourier Perspective on Model Robustness in Computer Vision},
    journal = {CoRR},
    volume = {abs/1906.08988},
    year = {2019},
    url = {http://arxiv.org/abs/1906.08988},
    eprinttype = {arXiv},
    eprint = {1906.08988},
    timestamp = {Mon, 24 Jun 2019 17:28:45 +0200},
    biburl = {https://dblp.org/rec/journals/corr/abs-1906-08988.bib},
    bibsource = {dblp computer science bibliography, https://dblp.org},
}

@misc{bu2023building,
    title = {Towards Building More Robust Models with Frequency Bias},
    author = {Qingwen Bu and Dong Huang and Heming Cui},
    year = {2023},
    eprint = {2307.09763},
    archivePrefix = {arXiv},
    primaryClass = {cs.CV},
}

@misc{zhang2019interpreting,
    title = {Interpreting Adversarially Trained Convolutional Neural Networks},
    author = {Tianyuan Zhang and Zhanxing Zhu},
    year = {2019},
    eprint = {1905.09797},
    archivePrefix = {arXiv},
    primaryClass = {cs.LG},
}

@misc{krishnamachari2023fourier,
    title = {Fourier Sensitivity and Regularization of Computer Vision Models},
    author = {Kiran Krishnamachari and See-Kiong Ng and Chuan-Sheng Foo},
    year = {2023},
    eprint = {2301.13514},
    archivePrefix = {arXiv},
    primaryClass = {cs.CV},
}

@misc{mo2022adversarial,
    title = {When Adversarial Training Meets Vision Transformers: Recipes from
             Training to Architecture},
    author = {Yichuan Mo and Dongxian Wu and Yifei Wang and Yiwen Guo and Yisen
              Wang},
    year = {2022},
    eprint = {2210.07540},
    archivePrefix = {arXiv},
    primaryClass = {cs.CV},
}

@misc{geirhos2022imagenettrained,
    title = {ImageNet-trained CNNs are biased towards texture; increasing shape
             bias improves accuracy and robustness},
    author = {Robert Geirhos and Patricia Rubisch and Claudio Michaelis and
              Matthias Bethge and Felix A. Wichmann and Wieland Brendel},
    year = {2022},
    eprint = {1811.12231},
    archivePrefix = {arXiv},
    primaryClass = {cs.CV},
}
@misc{park2022vision,
      title={How Do Vision Transformers Work?}, 
      author={Namuk Park and Songkuk Kim},
      year={2022},
      eprint={2202.06709},
      archivePrefix={arXiv},
      primaryClass={cs.CV}
}
@misc{springenberg2015allcnn,
      title={Striving for Simplicity: The All Convolutional Net}, 
      author={Jost Tobias Springenberg and Alexey Dosovitskiy and Thomas Brox and Martin Riedmiller},
      year={2015},
      eprint={1412.6806},
      archivePrefix={arXiv},
      primaryClass={cs.LG}
}
@misc{mehta2022mobilevit,
      title={MobileViT: Light-weight, General-purpose, and Mobile-friendly Vision Transformer}, 
      author={Sachin Mehta and Mohammad Rastegari},
      year={2022},
      eprint={2110.02178},
      archivePrefix={arXiv},
      primaryClass={cs.CV}
}
